@article{,
    author="",
    year="",
    archivePrefix="arXiv",
    eprint=""
}

@article{Campbell13,
    author="Heather Campbell and Chris B. D'Andrea and Robert C. Nichol and Masao Sako and Mathew Smith and Hubert Lampeitl and Matthew D. Olmstead and Bruce Bassett and Rahul Biswas and Peter Brown and David Cinabro and Kyle S. Dawson and Ben Dilday and Ryan J. Foley and Joshua A. Frieman and Peter Garnavich and Renee Hlozek and Saurabh W. Jha and Steve Kuhlmann and Martin Kunz and John Marriner and Ramon Miquel and Michael Richmond and Adam Riess and Donald P. Schneider and Jesper Sollerman and Matt Taylor and Gong-Bo Zhao",
    year="2013",
    archivePrefix="arXiv",
    eprint="1211.4480"
}

@article{Charnock16,
    author="Charnock, Tom and Moss, Adam",
    year="2016",
    archivePrefix="arXiv",
    eprint="1606.07442"
}

@article{Homeier05,
    author="Homeier, N.L.",
    year="2005",
    archivePrefix="arXiv",
    eprint="astro-ph/0410593"
}

@article{Karpenka12,
    author="Karpenka, N.V. and Feroz, F. and Hobson, M.P.",
    year="2012",
    archivePrefix="arXiv",
    eprint="1208.1264"
}

@article{Kessler10,
    author="Richard Kessler and Bruce Bassett and Pavel Belov and Vasudha Bhatnagar and Heather Campbell and Alex Conle and Joshua A. Frieman and Alexandre Glazov and Santiago Gonzalez-Gaitan and Renee Hlozek and Saurabh Jha and Stephen Kuhlmann and Martin Kunz and Hubert Lampeitl and Ashish Mahabal and James Newling and Robert C. Nichol and David Parkinson and Ninan Sajeeth Philip and Dovi Poznanski and Joseph W. Richards and Steven A. Rodney and Masao Sako and Donald P. Schneider and Mathew Smith and Maximilian Stritzinger and Melvin Varughese",
    year="2010",
    archivePrefix="arXiv",
    eprint="1008.1024"
}

@article{Kessler16,
    author="Kessler, R. and Scolnic, D.",
    year="2016",
    archivePrefix="arXiv",
    eprint="1610.04677"
}

@article{Kunz07,
    author="Kunz, Martin and Bassett, Bruce A. and Hlozek, Renee A.",
    year="2007",
    archivePrefix="arXiv",
    eprint="/astro-ph/0611004"
}

@article{Kuznetsova06,
    author="Kuznetsova, Natalia V. and Connoly, Brian M.",
    year="2006",
    archivePrefix="arXiv",
    eprint="astro-ph/0609637"
}

@article{Lochner16,
    author="Lochner, Michelle and McEwen, Jason D. and Peiris, Hiranya V. and Lahav, Ofer and Winter, Max K.",
    year="2016",
    archivePrefix="arXiv",
    eprint="1603.00882"
}

@article{Ma16,
    author="Ma, Cong and Corasaniti, Pier-Stefano and Bassett, Bruce A.",
    year="2016",
    archivePrefix="arXiv",
    eprint="1603.08519"
}

@article{Moller16,
    author="MÃ¶ller, A. and Ruhlmann-Kleider, V. and Leloup, C. and Neveu, J. and Palanque-Delabrouille, N and Rich, J. and Carlberg, R. and Lidman, C. and Pritchet, C.",
    year="2016",
    archivePrefix="arXiv",
    eprint="1608.05423"
}

@article{Poznanski06,
    author="Poznanski, Dovi and Maoz, Dan and Gal-Yam, Avishay",
    year="2007",
    archivePrefix="arXiv",
    eprint="/astro-ph/0610129"
}

@article{Richards11,
    author="Richards, Joseph W.  and Homrighausen, Darren and Freeman, Peter E. and Schafer, Chad M. and Poznanski, Dovi",
    year="2011",
    archivePrefix="arXiv",
    eprint="1103.6034"
}

@article{Rodney09,
    author="Rodney, Steven A. and Tonry, John L.",
    year="2009",
    archivePrefix="arXiv",
    eprint="0910.3702"
}

@article{Rodney10,
    author="Rodney, Steven A. and Tonry, John L.",
    year="2010",
    archivePrefix="arXiv",
    eprint="1003.5724"
}

@article{Sako11,
    author="Sako, Masao and Bassett, Bruce and Connolly, Brian and Dilday, Benjamin and Campbell, Heather and Frieman, Joshua and Gladney, Larry and Kessler, Richard and Lampeitl, Hubert and Marriner, John and Miquel, Ramon and Nichol, Robert and Schneider, Donald and Smith, Mathew and Sollerman, Jesper",
    year="2011",
    archivePrefix="arXiv",
    eprint="1107.5106"
}

@article{Sako14,
    author="Sako, Masao and Bassett, Bruce and Becker, Andrew C. and Becker, Peter J. and Campbell, Heather and Cane, Rachel and Cinabro, David and D'Andrea, Chris B. and Dawson, Kyle S. and DeJongh, Fritz and Depoy, Darren L. and Dilday, Ben and Doi, Mamoru and Filippenko, Alexei V. and Fischer, John A. and Foley, Ryan J. and Frieman, Joshua A. and Galbany, Lluis and Garnavich, Peter M. and Goobar, Ariel and Gupta, Ravi R. and Hill, Gary J. and Hayden, Brian T. and Hlozek, Renee and Holtzman, Jon A. and Hopp, Ulrich and Jha, Saurabh W. and Kessler, Richard and Kollatschny, Wolfram and Leloudas, Giorgos and Marriner, John and Marshall, Jennifer L. and Miquel, Ramon and Morokuma, Tomoki and Mosher, Jennifer and Nichol, Robert C. and Nordin, Jakob and Olmstead, Matthew D. and Ostman, Linda and Prieto, Jose L. and Richmond, Michael and Romani, Roger W. and Sollerman, Jesper and Stritzinger, Max and Schneider, Donald P. and Smith, Mathew and Wheeler, J. Craig and Yasuda, Naoki and Zheng, Chen",
    year="2014",
    archivePrefix="arXiv",
    eprint="1401.3317"
}

@article{Varughese15,
    author="Varughese, Melvin M. and von Sachs, Rainer and Stephanou, Michael and Bassett, Bruce A.",
    year="2015",
    archivePrefix="arXiv",
    eprint="1504.00015"
}