@article{,
    author="",
    year="",
    archivePrefix="arXiv",
    eprint=""
}

1403.0044

@article{ben00,
    author="Benitez, N.",
    year="2000",
    archivePrefix="arXiv",
    eprint="9811189"
}

@article{bal08,
    author="Ball, N.M. and Brunner, R.J. and Myers, A.D. and Strand, N.E. and Alberts, S.L. and Tcheng, D.",
    year="2008",
    archivePrefix="arXiv",
    eprint="0804.3413"
}

@article{mye09,
    author="Myers, A.D. and White, M. and Ball, N.M.",
    year="2009",
    archivePrefix="arXiv",
    eprint="0903.3132"
}

@article{she11,
    author="Sheldon, E.S and Cunha, C. and Mandelbaum, R. and Brinkmann, J. and Weaver, B.A.",
    year="2011",
    archivePrefix="arXiv",
    eprint="1109.5192"
}

@article{car13,
    author="Carrasco Kind, M. and Brunner, R.J.",
    year="2013",
    archivePrefix="arXiv",
    eprint="1303.7269"
}

@article{nis13,
    author="Nishizawa, A.J. and Oguri, M. and Takada, M.",
    year="2013",
    archivePrefix="arXiv",
    eprint="1302.6015"
}

@article{car14,
    author="Carrasco Kind, M. and Brunner, R.J.",
    year="2014",
    archivePrefix="arXiv",
    eprint="1403.0044"
}

@article{lop14,
    author="Lopez-Sanjuan, C. and Cenarro, A. J. and Varela, J. and Viironen, K. Viironen and Molino, A.  and Benitez, N. and Arnalte-Mur, P. and Ascaso, B. and Diaz-Garcia, L.A. and Fernandez-Soto, A. and Jiminez-Teja, Y. and Marquez, I. and Masegosa, J. and Moles, M. and Povi, M. and Aguerri, A.L. and Alfaro, E. and Aparicio-Villegas, T. and Broadhurst, T. and Cabrera-Cano, J. and Castander, J.F. and Cepa, J. and Cervino, M. and Cristobal-Hornillos, D. and Del Olmo, A. and Gonzalez Delgado, R.M. and Husillos, C. and Infante, L. and Martines, V.J. and Perea, J. and Prada, F. and Quintana, J.M.",
    year="2014",
    archivePrefix="arXiv",
    eprint="1409.1142"
}