@Article{hog99,
    author="Hogg, D.W.",
    year="1999",
    archivePrefix="arXiv",
    eprint="astro-ph/9905116"
}

@Article{ben00,
    author="N. Benitez",
    year="2000",
    archivePrefix="arXiv",
    eprint="9811189"
}

@Article{sch06,
    author="M. Schneider and L. Knox and H. Zhan and A. Connolly",
    year="2006",
    archivePrefix="arXiv",
    eprint="astro-ph/0606098"
}

@Article{bal08,
    author="N.M. Ball and R.J. Brunner and A.D. Myers and N.E. Strand and S.L. Alberts and D. Tcheng",
    year="2008",
    archivePrefix="arXiv",
    eprint="0804.3413"
}

@Article{bud08,
    author="T. Budavari",
    year="2008",
    archivePrefix="arXiv",
    eprint="0811.2600"
}

@Article{cun08,
    author="C.E. Cunha and M. Lima and H. Oyaizu and J. Frieman and H. Lin",
    year="2008",
    archivePrefix="arXiv",
    eprint="0810.2991"
}

@Article{lim08,
    author="M. Lima and C.E. Cunha and H. Oyaizu and J. Frieman and H. Lin and E.S. Sheldon",
    year="2008",
    archivePrefix="arXiv",
    eprint="0801.3822"
}

@Article{abe09,
    author="Science Collaborations LSST",
    year="2009",
    archivePrefix="arXiv",
    eprint="0912.0201"
}

@Article{mye09,
    author="A.D. Myers and M. White and N.M. Ball",
    year="2009",
    archivePrefix="arXiv",
    eprint="0903.3132"
}

@Article{car10,
    author="S. Carliles and T. Budav·ri and S. Heinis and C. Priebe and A.S. Szalay",
    year="2010",
    archivePrefix="adsabs",
    eprint="2010ApJ...712..511C"
}

@Article{hog10,
    author="D.W. Hogg and A.D. Myers and J. Bovy",
    year="2010",
    archivePrefix="arXiv",
    eprint="1008.4146"
}

@Article{hil11,
    author="H. Hildebrandt and T. Erben and K. Kuijken and L. van Waerbeke and C. Heymans and J. Coupon and J. Benjamin and C. Bonnett and L. Fu and H. Hoekstra and T. D. Kitching and Y. Mellier and L. Miller and M. Velander and M. J. Hudson and B. T. P. Rowe and T. Schrabback and E. Semboloni and N. Benitez",
    year="2012",
    archivePrefix="arXiv",
    eprint="1111.4434"
}

@Article{she11,
    author="E.S. Sheldon and C. Cunha and R. Mandelbaum and J. Brinkmann and B.A. Weaver",
    year="2011",
    archivePrefix="arXiv",
    eprint="1109.5192"
}

@Article{ben12,
    author="J. Benjamin and L. Van Waerbeke and C. Heymans and M. Kilbinger and T. Erben and H. Hildebrandt and H. Hoekstra and T.D. Kitching and Y. Mellier and L. Miller and B. Rowe and T. Schrabback and F. Simpson and J. Coupon and L. Fu and J. Harnois-DÈraps and M.J. Hudson and K. Kuijken and E. Semboloni and S. Vafaei and M. Velander",
    year="2012",
    archivePrefix="arXiv",
    eprint="1212.3327"
}

@Article{fad12,
    author="R. Fadely and D.W. Hogg and B. Willman",
    year="2012",
    archivePrefix="arXiv",
    eprint="1206.4306"
}

@Article{for12,
    author="D. Foreman-Mackey and D.W. Hogg and D. Lang and J. Goodman",
    year="2012",
    archivePrefix="arXiv",
    eprint="1202.3665"
}

@Article{hog12,
    author="Hogg, D.W.",
    year="2012",
    archivePrefix="arXiv",
    eprint="1205.4446"
}

@Article{bon13,
    author="C. Bonnett",
    year="2013",
    archivePrefix="arXiv",
    eprint="1312.1287"
}

@Article{car13,
    author="M. Carrasco Kind and R.J. Brunner",
    year="2013",
    archivePrefix="arXiv",
    eprint="1303.7269"
}

@Article{gor13,
    author="A. Gorecki and A. Abate and R. Ansari and A. Barrau and S. Baumont and M. Moniez and J.-S. Ricol",
    year="2013",
    archivePrefix="arXiv",
    eprint="1301.3010"
}

@Article{men13,
    author="Menard, B. and Scranton, R. and Schmidt, S. and Morrison, C. and Jeong, D. and Budavari, T. and Rahman, M.",
    year="2012",
    archivePrefix="arXiv",
    eprint="1303.4722"
}

@Article{nis13,
    author="A.J. Nishizawa and M. Oguri and M. Takada",
    year="2013",
    archivePrefix="arXiv",
    eprint="1302.6015"
}

@Article{car14,
    author="M. Carrasco Kind and R.J. Brunner",
    year="2014",
    archivePrefix="arXiv",
    eprint="1403.0044"
}

@Article{for14,
    author="D. Foreman-Mackey and D.W. Hogg and T.D. Morton",
    year="2014",
    archivePrefix="arXiv",
    eprint="1406.3020"
}

@Article{lop14,
    author="C. Lopez-Sanjuan and A.J. Cenarro and J. Varela and K. Viironen and A. Molino  and N. Benitez and P. Arnalte-Mur and B. Ascaso and L.A. Diaz-Garcia and A. Fernandez-Soto and Y. Jiminez-Teja and I. Marquez and J. Masegosa and M. Moles and M. Povi and A.L. Aguerri and E. Alfaro and T. Aparicio-Villegas and T. Broadhurst and J. Cabrera-Cano and J.F. Castander and J. Cepa and M. Cervino and D. Cristobal-Hornillos and A. Del Olmo and R.M. Gonzalez Delgado and C. Husillos and L. Infante and V.J. Martines and J. Perea and F. Prada and J.M. Quintana",
    year="2014",
    archivePrefix="arXiv",
    eprint="1409.1142"
}

@misc{mar15,
    author = "Marshall, P.",
    title = "Joint Hierarchical Inference of the Galaxy-Halo Connection and Cosmology from Photometric and Weak Lensing Survey Data",
    year="2015",
    url = "github.com/drphilmarshall/Pangloss/issues/23"
}

@Article{sad15,
    author="I. Sadeh and F.B. Abdalla and O. Lahav",
    year="2015",
    archivePrefix="arXiv",
    eprint="1507.00490"
}

@Article{vii15,
    author="K. Viironen and A. Marin-Franch and C. Lopez-Sanjuan and J. Varela and J. Chaves-Montero and D. Cristobal-Hornillos and A. Molino and A. Ferandez-Soto and G. Vilella-Rojo and B. Ascaso and A.J. Cenarro and M. CerviÃÉno and J. Cepa and A. Ederoclite and I. Marquez and J. Masegosa and M. Moles and I. Oteo and M. PoviÃÅc and J.A.L. Aguerri and E. Alfaro and T. Aparicio-Villegas and N. Benitez and T. Broadhurst and J. Cabrera-Cano and J.F. Castander and A. Del Olmo and R.M. Gonzalez Delgado and C. Husillos and L. Infante and V.J. Martinez and J. Perea and F. Prada and J.M. Quintana",
    year="2015",
    archivePrefix="arXiv",
    eprint="1501.05109"
}